000000406 FMT   L BK
000000406 LDR   L 00000cam^a22002537i^4500
000000406 001   L 000000406
000000406 005   L 20160928131610.0
000000406 008   L 850916s1985^^^^sw^|||||||||||||||||swe||
000000406 035   L $$a(FI-MELINDA)000000406
000000406 0410  L $$aswe
000000406 080   L $$a839.7$$x-1
000000406 1001  L $$aCora, Louise,$$c[=pseud.].
000000406 24510 L $$aÄlska mig något :$$bdikter /$$cav Louise Cora ; ill. av Annika Wide.
000000406 260   L $$a[Höganäs] :$$bBra lyrik,$$c1985.
000000406 300   L $$a83 s. :$$bfärgill.
000000406 336   L $$ateksti$$btxt$$2rdacontent
000000406 337   L $$akäytettävissä ilman laitetta$$bn$$2rdamedia
000000406 338   L $$anide$$bnc$$2rdacarrier
000000406 SID   L $$c451$$balma
000000406 CAT   L $$aCONV-ISBD$$b$$c20120401$$lFIN01$$h2007
000000406 CAT   L $$aLOAD-FIX$$b30$$c20141219$$lFIN01$$h1238
000000406 CAT   L $$aLOAD-FIX$$b30$$c20141219$$lFIN01$$h1238
000000406 CAT   L $$aCONV-RDA$$b$$c20160319$$lFIN01$$h0811
000000406 LOW   L $$aALMA
000000406 LOW   L $$aVAARI
