000000407 FMT   L BK
000000407 LDR   L ^^^^^cam^a22002417i^4500
000000407 001   L 000000407
000000407 005   L 20141219123826.0
000000407 008   L 850916s1985^^^^sw^|||||||||||||||||swe||
000000407 035   L $$a(FI-MELINDA)000000407
000000407 0410  L $$aswe
000000407 080   L $$a839.7$$x-1
000000407 1000  L $$aLundkvist, Lars.
000000407 24510 L $$aKorn :$$bdikter /$$cav Lars Lundkvist ; med efterskrift av Staffan Söderblom.
000000407 260   L $$a[Höganäs] :$$bBra lyrik,$$c1985.
000000407 300   L $$a192 s.
000000407 336   L $$ateksti$$btxt$$2rdacontent
000000407 337   L $$akäytettävissä ilman laitetta$$bn$$2rdamedia
000000407 338   L $$anide$$bnc$$2rdacarrier
000000407 SID   L $$c452$$balma
000000407 CAT   L $$aCONV-ISBD$$b$$c20120401$$lFIN01$$h2007
000000407 CAT   L $$aLOAD-FIX$$b30$$c20141219$$lFIN01$$h1238
000000407 CAT   L $$aCONV-RDA$$b$$c20160319$$lFIN01$$h0811
000000407 LOW   L $$aALMA
