000000408 FMT   L BK
000000408 LDR   L ^^^^^cam^a22002297i^4500
000000408 001   L 000000408
000000408 005   L 20010520181046.0
000000408 008   L 850916s1985^^^^sw^|||||||||||||||||swe||
000000408 0411  L $$aswe$$heng
000000408 080   L $$a820$$x(73)$$x-31$$x=03.20$$x=397
000000408 1000  L $$aMailer, Norman.
000000408 24010 L $$aTough guys don't dance
000000408 24510 L $$aHårda killar dansar inte /$$cNorman Mailer ; till svenska av Caj Lundgren.
000000408 260   L $$aHöganäs :$$bBra böcker,$$c1985.
000000408 300   L $$a272 s
000000408 336   L $$ateksti$$btxt$$2rdacontent
000000408 337   L $$akäytettävissä ilman laitetta$$bn$$2rdamedia
000000408 338   L $$anide$$bnc$$2rdacarrier
000000408 SID   L $$c453$$balma
000000408 CAT   L $$aCONV-ISBD$$b$$c20120401$$lFIN01$$h2007
000000408 CAT   L $$aCONV-RDA$$b$$c20160319$$lFIN01$$h0811
000000408 LOW   L $$aALMA
