000000409 FMT   L BK
000000409 LDR   L ^^^^^cam^a22004094i^4500
000000409 001   L 000000409
000000409 005   L 20150731155629.0
000000409 008   L 850916s1985^^^^sw^||||||b^^^|||||||swe||
000000409 0410  L $$aswe
000000409 080   L $$a016
000000409 080   L $$a745
000000409 080   L $$a371.381
000000409 080   L $$a745/749
000000409 080   L $$a371.381:016
000000409 080   L $$a745/749:016
000000409 080   L $$a689:016
000000409 080   L $$a689
000000409 1000  L $$aNielsen, Ursula.
000000409 24510 L $$aSlöjdlitteratur /$$csammanst. av Ursula Nielsen.
000000409 260   L $$aLinköping :$$bUniversitetsbiblioteket,$$c1985.
000000409 300   L $$a48, X s. :$$bill.
000000409 336   L $$ateksti$$btxt$$2rdacontent
000000409 337   L $$akäytettävissä ilman laitetta$$bn$$2rdamedia
000000409 338   L $$anide$$bnc$$2rdacarrier
000000409 4901  L $$aPublikation / Linköpings universitetsbibliotek,$$x0346-6043 ;$$vnr 43
000000409 4901  L $$aPublikation / Linköpings universitetsbibliotek ;$$v43
000000409 650 7 L $$abibliografiat$$xkäsityöala$$2ysa
000000409 650 7 L $$akäsityöt$$2ysa
000000409 8102  L $$aLinköpings universitetsbibliotek.$$tPublikation ;$$vnr 43.
000000409 SID   L $$c455$$balma
000000409 SID   L $$c1127982$$bhelka
000000409 CAT   L $$aCONV-ISBD$$b$$c20120401$$lFIN01$$h2007
000000409 CAT   L $$aLOAD-HELKA$$b$$c20131129$$lFIN01$$h0002
000000409 CAT   L $$aLOAD-OULA$$b$$c20150731$$lFIN01$$h1556
000000409 CAT   L $$aCONV-RDA$$b$$c20160319$$lFIN01$$h0811
000000409 LOW   L $$aALMA
000000409 LOW   L $$aHELKA
