000000410 FMT   L BK
000000410 LDR   L ^^^^^cam^a22002537i^4500
000000410 001   L 000000410
000000410 005   L 20141219123827.0
000000410 008   L 850916s1985^^^^sw^|||||||||||||||||swe||
000000410 035   L $$a(FI-MELINDA)000000410
000000410 0411  L $$aswe$$hmul
000000410 080   L $$a820/89$$x-1$$x(082.2)
000000410 24500 L $$aVilt sjungande bland bergen :$$bdikter över alla gränser /$$c[övers.: Britt G. Hallqvist].
000000410 260   L $$a[Höganäs] :$$bBra lyrik,$$c1985.
000000410 300   L $$a129 s. :$$bill.
000000410 336   L $$ateksti$$btxt$$2rdacontent
000000410 337   L $$akäytettävissä ilman laitetta$$bn$$2rdamedia
000000410 338   L $$anide$$bnc$$2rdacarrier
000000410 7001  L $$aHallqvist, Britt G.
000000410 SID   L $$c456$$balma
000000410 CAT   L $$aCONV-ISBD$$b$$c20120401$$lFIN01$$h2007
000000410 CAT   L $$aLOAD-FIX$$b30$$c20141219$$lFIN01$$h1238
000000410 CAT   L $$aLOAD-FIX$$b30$$c20141219$$lFIN01$$h1238
000000410 CAT   L $$aCONV-RDA$$b$$c20160319$$lFIN01$$h0811
000000410 LOW   L $$aALMA
