000000411 FMT   L BK
000000411 LDR   L ^^^^^cam^a22002657i^4500
000000411 001   L 000000411
000000411 005   L 20141219123828.0
000000411 008   L 851105s1985^^^^sw^|||||||||||||||||swe||
000000411 035   L $$a(FI-MELINDA)000000411
000000411 0410  L $$aswe
000000411 080   L $$a839.7$$x-1
000000411 1000  L $$aÖsterling, Anders.
000000411 24510 L $$aGrinden åt havet :$$bett urval dikter 1904-1978 /$$cAnders Österling ; sammanst. av Karin Österling.
000000411 260   L $$aHöganäs :$$bBra Lyrik,$$c1985.
000000411 300   L $$a203 s. :$$bill.
000000411 336   L $$ateksti$$btxt$$2rdacontent
000000411 337   L $$akäytettävissä ilman laitetta$$bn$$2rdamedia
000000411 338   L $$anide$$bnc$$2rdacarrier
000000411 7001  L $$aÖsterling, Karin.
000000411 SID   L $$c457$$balma
000000411 CAT   L $$aCONV-ISBD$$b$$c20120401$$lFIN01$$h2007
000000411 CAT   L $$aLOAD-FIX$$b30$$c20141219$$lFIN01$$h1238
000000411 CAT   L $$aLOAD-FIX$$b30$$c20141219$$lFIN01$$h1238
000000411 CAT   L $$aCONV-RDA$$b$$c20160319$$lFIN01$$h0811
000000411 LOW   L $$aALMA
