000000412 FMT   L BK
000000412 LDR   L ^^^^^cam^a22002417i^4500
000000412 001   L 000000412
000000412 005   L 20150325231338.0
000000412 008   L 851105s1985^^^^sw^|||||||||||||||||swe||
000000412 0410  L $$aswe
000000412 080   L $$a378.16$$x(485)
000000412 24500 L $$aLokal-, inrednings- och utrustningsplanering för högskolan :$$butvärdering och förslag från LPSH 84.
000000412 260   L $$aStockholm :$$bUHÄ,$$c1985.
000000412 300   L $$a[134] s.
000000412 336   L $$ateksti$$btxt$$2rdacontent
000000412 337   L $$akäytettävissä ilman laitetta$$bn$$2rdamedia
000000412 338   L $$anide$$bnc$$2rdacarrier
000000412 4901  L $$aUHÄ-rapport,$$x0347-1330 ;$$v1985:8
000000412 830 0 L $$aUHÄ-rapport,$$x0347-1330 ;$$v1985:8.
000000412 SID   L $$c459$$balma
000000412 CAT   L $$aCONV-ISBD$$b$$c20120401$$lFIN01$$h2007
000000412 CAT   L $$aREM-HELKA$$b$$c20150325$$lFIN01$$h2313
000000412 CAT   L $$aCONV-RDA$$b$$c20160319$$lFIN01$$h0811
000000412 LOW   L $$aALMA
