000000413 FMT   L BK
000000413 LDR   L ^^^^^cam^a22003737i^4500
000000413 001   L 000000413
000000413 005   L 20100225095516.0
000000413 008   L 851105s1985^^^^sw^|||||||||||||||||swe||
000000413 0410  L $$aswe
000000413 080   L $$a002
000000413 080   L $$a025.4.03:002
000000413 080   L $$a025.4.03
000000413 080   L $$a659.3
000000413 080   L $$a001.89
000000413 080   L $$a027.7:002
000000413 080   L $$a027.7
000000413 1000  L $$aFjällbrant, Nancy.
000000413 24510 L $$aVetenskaplig kommunikation /$$cNancy Fjällbrant.
000000413 250   L $$a4., rev. uppl.
000000413 260   L $$aGöteborg :$$bChalmers tekniska högskola. Biblioteket,$$c1985.
000000413 300   L $$a28 s. :$$bill., diagr.
000000413 336   L $$ateksti$$btxt$$2rdacontent
000000413 337   L $$akäytettävissä ilman laitetta$$bn$$2rdamedia
000000413 338   L $$anide$$bnc$$2rdacarrier
000000413 4901  L $$aCTHB-publikation,$$x0346-6914 ;$$vnr 1(1985)
000000413 8102  L $$aChalmers tekniska högskolas bibliotek.$$tCTHB publikation ;$$vnr 1(1985).
000000413 SID   L $$c460$$balma
000000413 SID   L $$c13761$$boula
000000413 SID   L $$c34914$$btutca
000000413 CAT   L $$aL4005$$b30$$c20100225$$lFIN01$$h0955
000000413 CAT   L $$aCONV-ISBD$$b$$c20120401$$lFIN01$$h2007
000000413 CAT   L $$aCONV-RDA$$b$$c20160319$$lFIN01$$h0811
000000413 LOW   L $$aALMA
000000413 LOW   L $$aOULA
