000000414 FMT   L BK
000000414 LDR   L ^^^^^cam^a22003857i^4500
000000414 001   L 000000414
000000414 005   L 20160225085329.0
000000414 008   L 851105s1985^^^^xxu|||||||||||||||||eng||
000000414 0410  L $$aeng
000000414 080   L $$a801.5
000000414 080   L $$a800.8$$x-5
000000414 080   L $$a800.83
000000414 1001  L $$aKrulee, Gilbert K.
000000414 24510 L $$aTwo-level representations for natural language /$$cby Gilbert K. Krulee.
000000414 260   L $$aBloomington :$$bIndiana University Linguistics Club,$$c1985.
000000414 300   L $$a69 s
000000414 336   L $$ateksti$$btxt$$2rdacontent
000000414 337   L $$akäytettävissä ilman laitetta$$bn$$2rdamedia
000000414 338   L $$anide$$bnc$$2rdacarrier
000000414 61024 L $$aIndiana University Linguistics Club.
000000414 7102  L $$aIndiana University Linguistics Club.
000000414 SID   L $$c461$$balma
000000414 SID   L $$c10457$$bhelka
000000414 SID   L $$c46072$$bjosku
000000414 SID   L $$c332244$$bvolte
000000414 CAT   L $$c20090529$$lFIN01$$h1645
000000414 CAT   L $$aCONV-ISBD$$b$$c20120401$$lFIN01$$h2007
000000414 CAT   L $$aLOAD-HELKA$$b$$c20140527$$lFIN01$$h0229
000000414 CAT   L $$aCONV-RDA$$b$$c20160319$$lFIN01$$h0811
000000414 LOW   L $$aALMA
000000414 LOW   L $$aHELKA
000000414 LOW   L $$aJOSKU
000000414 LOW   L $$aVOLTE
000000414 LOW   L $$aVAARI
