000000415 FMT   L BK
000000415 LDR   L ^^^^^cam^a22003857i^4500
000000415 001   L 000000415
000000415 005   L 20160225093257.0
000000415 008   L 851105s1985^^^^xxu|||||||||||||||||eng||
000000415 0410  L $$aeng
000000415 080   L $$a801.5
000000415 080   L $$a802.0$$x-56.
000000415 080   L $$a801.56
000000415 1001  L $$aHuck, Geoffrey J.
000000415 24510 L $$aDiscontinuity and word order in categorial grammar /$$cby Geoffrey J. Huck.
000000415 260   L $$aBloomington :$$bIndiana University Linguistics Club,$$c1985.
000000415 300   L $$a57 s
000000415 336   L $$ateksti$$btxt$$2rdacontent
000000415 337   L $$akäytettävissä ilman laitetta$$bn$$2rdamedia
000000415 338   L $$anide$$bnc$$2rdacarrier
000000415 61024 L $$aIndiana University Linguistics Club.
000000415 7102  L $$aIndiana University Linguistics Club.
000000415 SID   L $$c462$$balma
000000415 SID   L $$c9674$$bhelka
000000415 SID   L $$c46084$$bjosku
000000415 SID   L $$c331043$$bvolte
000000415 CAT   L $$c20090529$$lFIN01$$h1645
000000415 CAT   L $$aCONV-ISBD$$b$$c20120401$$lFIN01$$h2007
000000415 CAT   L $$aLOAD-HELKA$$b$$c20140513$$lFIN01$$h2336
000000415 CAT   L $$aX4015$$b30$$c20160225$$lFIN01$$h0932
000000415 CAT   L $$aCONV-RDA$$b$$c20160319$$lFIN01$$h0811
000000415 LOW   L $$aALMA
000000415 LOW   L $$aHELKA
000000415 LOW   L $$aJOSKU
000000415 LOW   L $$aVOLTE
000000415 LOW   L $$aVAARI
