000000416 FMT   L BK
000000416 LDR   L ^^^^^cam^a22002777i^4500
000000416 001   L 000000416
000000416 005   L 20010520181046.0
000000416 008   L 851105s1985^^^^xxu|||||||||||||||||eng||
000000416 0410  L $$aeng
000000416 080   L $$a801.56
000000416 080   L $$a801.25
000000416 1000  L $$aKac, Michael B.
000000416 24510 L $$aConstraints on predicate coordination /$$cby Michael B. Kac.
000000416 260   L $$aBloomington :$$bIndiana University Linguistics Club,$$c1985.
000000416 300   L $$a28 s
000000416 336   L $$ateksti$$btxt$$2rdacontent
000000416 337   L $$akäytettävissä ilman laitetta$$bn$$2rdamedia
000000416 338   L $$anide$$bnc$$2rdacarrier
